%YAML 1.1
%TAG !u! tag:unity3d.com,2011:
--- !u!1 &1289723014
GameObject:
  m_ObjectHideFlags: 0
  m_CorrespondingSourceObject: {fileID: 0}
  m_PrefabInstance: {fileID: 0}
  m_PrefabAsset: {fileID: 0}
  serializedVersion: 6
  m_Component:
  - component: {fileID: 1289723015}
  - component: {fileID: 1289723016}
  m_Layer: 6
  m_Name: Collider
  m_TagString: Untagged
  m_Icon: {fileID: 0}
  m_NavMeshLayer: 0
  m_StaticEditorFlags: 0
  m_IsActive: 1
--- !u!4 &1289723015
Transform:
  m_ObjectHideFlags: 0
  m_CorrespondingSourceObject: {fileID: 0}
  m_PrefabInstance: {fileID: 0}
  m_PrefabAsset: {fileID: 0}
  m_GameObject: {fileID: 1289723014}
  m_LocalRotation: {x: 0, y: 0, z: 0, w: 1}
  m_LocalPosition: {x: 0, y: 0, z: 0}
  m_LocalScale: {x: 1, y: 1, z: 1}
  m_Children: []
  m_Father: {fileID: 4935240531098310}
  m_RootOrder: 0
  m_LocalEulerAnglesHint: {x: 0, y: 0, z: 0}
--- !u!135 &1289723016
SphereCollider:
  m_ObjectHideFlags: 0
  m_CorrespondingSourceObject: {fileID: 0}
  m_PrefabInstance: {fileID: 0}
  m_PrefabAsset: {fileID: 0}
  m_GameObject: {fileID: 1289723014}
  m_Material: {fileID: 13400000, guid: abcadd394c1be224d9ed44fa80cf2632, type: 2}
  m_IsTrigger: 0
  m_Enabled: 1
  serializedVersion: 2
  m_Radius: 0.1
  m_Center: {x: 0, y: 0, z: 0}
--- !u!1 &1975457108487340
GameObject:
  m_ObjectHideFlags: 0
  m_CorrespondingSourceObject: {fileID: 0}
  m_PrefabInstance: {fileID: 0}
  m_PrefabAsset: {fileID: 0}
  serializedVersion: 6
  m_Component:
  - component: {fileID: 4935240531098310}
  - component: {fileID: 33935909779426952}
  - component: {fileID: 23737651838244920}
  - component: {fileID: 135134225773752490}
  - component: {fileID: 5578977784529262973}
  - component: {fileID: 264277739}
  m_Layer: 6
  m_Name: Soccer Ball
  m_TagString: Ball
  m_Icon: {fileID: 0}
  m_NavMeshLayer: 0
  m_StaticEditorFlags: 0
  m_IsActive: 1
--- !u!4 &4935240531098310
Transform:
  m_ObjectHideFlags: 0
  m_CorrespondingSourceObject: {fileID: 0}
  m_PrefabInstance: {fileID: 0}
  m_PrefabAsset: {fileID: 0}
  m_GameObject: {fileID: 1975457108487340}
  m_LocalRotation: {x: 0, y: 0, z: 0, w: 1}
  m_LocalPosition: {x: 0, y: 0, z: 0}
  m_LocalScale: {x: 0.50000006, y: 0.5, z: 0.50000006}
  m_Children:
  - {fileID: 1289723015}
  - {fileID: 4209730966532889}
  m_Father: {fileID: 0}
  m_RootOrder: 0
  m_LocalEulerAnglesHint: {x: 0, y: 0, z: 0}
--- !u!33 &33935909779426952
MeshFilter:
  m_ObjectHideFlags: 0
  m_CorrespondingSourceObject: {fileID: 0}
  m_PrefabInstance: {fileID: 0}
  m_PrefabAsset: {fileID: 0}
  m_GameObject: {fileID: 1975457108487340}
  m_Mesh: {fileID: 4300000, guid: 58119f7e9f45c2944a0b18dd33378ffd, type: 3}
--- !u!23 &23737651838244920
MeshRenderer:
  m_ObjectHideFlags: 0
  m_CorrespondingSourceObject: {fileID: 0}
  m_PrefabInstance: {fileID: 0}
  m_PrefabAsset: {fileID: 0}
  m_GameObject: {fileID: 1975457108487340}
  m_Enabled: 1
  m_CastShadows: 1
  m_ReceiveShadows: 1
  m_DynamicOccludee: 1
  m_MotionVectors: 1
  m_LightProbeUsage: 1
  m_ReflectionProbeUsage: 1
  m_RayTracingMode: 2
  m_RayTraceProcedural: 0
  m_RenderingLayerMask: 1
  m_RendererPriority: 0
  m_Materials:
  - {fileID: 2100000, guid: cff0f8a4e9c85a045be6d610d20b87b3, type: 2}
  - {fileID: 2100000, guid: fb69c479c3cec624b96dfe20d305c1b9, type: 2}
  m_StaticBatchInfo:
    firstSubMesh: 0
    subMeshCount: 0
  m_StaticBatchRoot: {fileID: 0}
  m_ProbeAnchor: {fileID: 0}
  m_LightProbeVolumeOverride: {fileID: 0}
  m_ScaleInLightmap: 1
  m_ReceiveGI: 1
  m_PreserveUVs: 0
  m_IgnoreNormalsForChartDetection: 0
  m_ImportantGI: 0
  m_StitchLightmapSeams: 1
  m_SelectedEditorRenderState: 3
  m_MinimumChartSize: 4
  m_AutoUVMaxDistance: 0.5
  m_AutoUVMaxAngle: 89
  m_LightmapParameters: {fileID: 0}
  m_SortingLayerID: 0
  m_SortingLayer: 0
  m_SortingOrder: 0
  m_AdditionalVertexStreams: {fileID: 0}
--- !u!135 &135134225773752490
SphereCollider:
  m_ObjectHideFlags: 0
  m_CorrespondingSourceObject: {fileID: 0}
  m_PrefabInstance: {fileID: 0}
  m_PrefabAsset: {fileID: 0}
  m_GameObject: {fileID: 1975457108487340}
  m_Material: {fileID: 0}
  m_IsTrigger: 1
  m_Enabled: 1
  serializedVersion: 2
  m_Radius: 0.11000001
  m_Center: {x: 0, y: 0, z: 0}
--- !u!114 &5578977784529262973
MonoBehaviour:
  m_ObjectHideFlags: 0
  m_CorrespondingSourceObject: {fileID: 0}
  m_PrefabInstance: {fileID: 0}
  m_PrefabAsset: {fileID: 0}
  m_GameObject: {fileID: 1975457108487340}
  m_Enabled: 1
  m_EditorHideFlags: 0
  m_Script: {fileID: 11500000, guid: 096d4b53213cba54ab12a220eefe6d66, type: 3}
  m_Name: 
  m_EditorClassIdentifier: 
  forceBar: {fileID: 0}
  stickmanMain: {fileID: 0}
  cameraBall: {fileID: 0}
  cameraStand: {fileID: 0}
  fire: {fileID: 1947871270620713}
--- !u!54 &264277739
Rigidbody:
  m_ObjectHideFlags: 0
  m_CorrespondingSourceObject: {fileID: 0}
  m_PrefabInstance: {fileID: 0}
  m_PrefabAsset: {fileID: 0}
  m_GameObject: {fileID: 1975457108487340}
  serializedVersion: 2
  m_Mass: 1
  m_Drag: 0
  m_AngularDrag: 0.05
  m_UseGravity: 1
  m_IsKinematic: 0
  m_Interpolate: 0
  m_Constraints: 0
  m_CollisionDetection: 1
--- !u!1001 &652235531
PrefabInstance:
  m_ObjectHideFlags: 0
  serializedVersion: 2
  m_Modification:
    m_TransformParent: {fileID: 4935240531098310}
    m_Modifications:
    - target: {fileID: 1866692896978666, guid: a990e3ac1318b834488c784d851f42a9, type: 3}
      propertyPath: m_IsActive
      value: 0
      objectReference: {fileID: 0}
    - target: {fileID: 1947871717301538, guid: a990e3ac1318b834488c784d851f42a9, type: 3}
      propertyPath: m_Name
      value: FireBall
      objectReference: {fileID: 0}
    - target: {fileID: 1947871717301538, guid: a990e3ac1318b834488c784d851f42a9, type: 3}
      propertyPath: m_IsActive
      value: 0
      objectReference: {fileID: 0}
    - target: {fileID: 4209731392266258, guid: a990e3ac1318b834488c784d851f42a9, type: 3}
      propertyPath: m_RootOrder
      value: 1
      objectReference: {fileID: 0}
    - target: {fileID: 4209731392266258, guid: a990e3ac1318b834488c784d851f42a9, type: 3}
      propertyPath: m_LocalScale.x
      value: 0.1
      objectReference: {fileID: 0}
    - target: {fileID: 4209731392266258, guid: a990e3ac1318b834488c784d851f42a9, type: 3}
      propertyPath: m_LocalScale.y
      value: 0.1
      objectReference: {fileID: 0}
    - target: {fileID: 4209731392266258, guid: a990e3ac1318b834488c784d851f42a9, type: 3}
      propertyPath: m_LocalScale.z
      value: 0.1
      objectReference: {fileID: 0}
    - target: {fileID: 4209731392266258, guid: a990e3ac1318b834488c784d851f42a9, type: 3}
      propertyPath: m_LocalPosition.x
      value: 0
      objectReference: {fileID: 0}
    - target: {fileID: 4209731392266258, guid: a990e3ac1318b834488c784d851f42a9, type: 3}
      propertyPath: m_LocalPosition.y
      value: 0
      objectReference: {fileID: 0}
    - target: {fileID: 4209731392266258, guid: a990e3ac1318b834488c784d851f42a9, type: 3}
      propertyPath: m_LocalPosition.z
      value: 0
      objectReference: {fileID: 0}
    - target: {fileID: 4209731392266258, guid: a990e3ac1318b834488c784d851f42a9, type: 3}
      propertyPath: m_LocalRotation.w
      value: 0
      objectReference: {fileID: 0}
    - target: {fileID: 4209731392266258, guid: a990e3ac1318b834488c784d851f42a9, type: 3}
      propertyPath: m_LocalRotation.x
      value: -0
      objectReference: {fileID: 0}
    - target: {fileID: 4209731392266258, guid: a990e3ac1318b834488c784d851f42a9, type: 3}
      propertyPath: m_LocalRotation.y
      value: -0.7071068
      objectReference: {fileID: 0}
    - target: {fileID: 4209731392266258, guid: a990e3ac1318b834488c784d851f42a9, type: 3}
      propertyPath: m_LocalRotation.z
      value: -0.7071068
      objectReference: {fileID: 0}
    - target: {fileID: 4209731392266258, guid: a990e3ac1318b834488c784d851f42a9, type: 3}
      propertyPath: m_LocalEulerAnglesHint.x
      value: -90
      objectReference: {fileID: 0}
    - target: {fileID: 4209731392266258, guid: a990e3ac1318b834488c784d851f42a9, type: 3}
      propertyPath: m_LocalEulerAnglesHint.y
      value: 0
      objectReference: {fileID: 0}
    - target: {fileID: 4209731392266258, guid: a990e3ac1318b834488c784d851f42a9, type: 3}
      propertyPath: m_LocalEulerAnglesHint.z
      value: 0
      objectReference: {fileID: 0}
    - target: {fileID: 4577187839491108, guid: a990e3ac1318b834488c784d851f42a9, type: 3}
      propertyPath: m_LocalScale.x
      value: 0.1
      objectReference: {fileID: 0}
    - target: {fileID: 4577187839491108, guid: a990e3ac1318b834488c784d851f42a9, type: 3}
      propertyPath: m_LocalScale.y
      value: 0.1
      objectReference: {fileID: 0}
    - target: {fileID: 4577187839491108, guid: a990e3ac1318b834488c784d851f42a9, type: 3}
      propertyPath: m_LocalScale.z
      value: 0.1
      objectReference: {fileID: 0}
    - target: {fileID: 4577187839491108, guid: a990e3ac1318b834488c784d851f42a9, type: 3}
      propertyPath: m_LocalPosition.y
      value: 0
      objectReference: {fileID: 0}
    - target: {fileID: 4577187839491108, guid: a990e3ac1318b834488c784d851f42a9, type: 3}
      propertyPath: m_LocalPosition.z
      value: 0
      objectReference: {fileID: 0}
    - target: {fileID: 198706150799401992, guid: a990e3ac1318b834488c784d851f42a9, type: 3}
      propertyPath: UVModule.flipU
      value: 0
      objectReference: {fileID: 0}
    - target: {fileID: 198706150799401992, guid: a990e3ac1318b834488c784d851f42a9, type: 3}
      propertyPath: UVModule.flipV
      value: 0
      objectReference: {fileID: 0}
    - target: {fileID: 199127982807948490, guid: a990e3ac1318b834488c784d851f42a9, type: 3}
      propertyPath: m_Materials.Array.size
      value: 1
      objectReference: {fileID: 0}
    - target: {fileID: 199577645087675124, guid: a990e3ac1318b834488c784d851f42a9, type: 3}
      propertyPath: m_Materials.Array.size
      value: 1
      objectReference: {fileID: 0}
    m_RemovedComponents: []
  m_SourcePrefab: {fileID: 100100000, guid: a990e3ac1318b834488c784d851f42a9, type: 3}
--- !u!1 &1947871270620713 stripped
GameObject:
  m_CorrespondingSourceObject: {fileID: 1947871717301538, guid: a990e3ac1318b834488c784d851f42a9, type: 3}
  m_PrefabInstance: {fileID: 652235531}
  m_PrefabAsset: {fileID: 0}
--- !u!4 &4209730966532889 stripped
Transform:
  m_CorrespondingSourceObject: {fileID: 4209731392266258, guid: a990e3ac1318b834488c784d851f42a9, type: 3}
  m_PrefabInstance: {fileID: 652235531}
  m_PrefabAsset: {fileID: 0}
